<record><leader>00587nam a2200193   4500</leader><controlfield tag="001">000258941</controlfield><controlfield tag="003">MiAaHDL</controlfield><controlfield tag="005">20110412000000.0</controlfield><controlfield tag="006">m        d        </controlfield><controlfield tag="007">cr bn ---auaua</controlfield><controlfield tag="008">790126s1705 fr 001 0bfre d</controlfield><datafield tag="035" ind1=" " ind2=" "><subfield code="a">sdr-njp2809651</subfield></datafield><datafield tag="035" ind1=" " ind2=" "><subfield code="9">CNN3093TS</subfield></datafield><datafield tag="035" ind1=" " ind2=" "><subfield code="a">(OCoLC)4586862</subfield></datafield><datafield tag="040" ind1=" " ind2=" "><subfield code="a">EYM</subfield><subfield code="c">EYM</subfield><subfield code="d">PUL</subfield></datafield><datafield tag="100" ind1="1" ind2=" "><subfield code="a">Aulnoy,</subfield><subfield code="c">Madame d'</subfield><subfield code="q">(Marie-Catherine),</subfield><subfield code="d">1650 or 51-1705.</subfield></datafield><datafield tag="245" ind1="1" ind2="0"><subfield code="a">Relation du voyage d'Espagne.</subfield></datafield><datafield tag="250" ind1=" " ind2=" "><subfield code="a">4. éd.</subfield></datafield><datafield tag="260" ind1=" " ind2=" "><subfield code="a">La Haye,</subfield><subfield code="b">Van Bulderen,</subfield><subfield code="c">1705.</subfield></datafield><datafield tag="300" ind1=" " ind2=" "><subfield code="a">3 v. in 1</subfield><subfield code="c">15 cm.</subfield></datafield><datafield tag="500" ind1=" " ind2=" "><subfield code="a">Includes index.</subfield></datafield><datafield tag="538" ind1=" " ind2=" "><subfield code="a">Mode of access: Internet.</subfield></datafield><datafield tag="651" ind1=" " ind2="0"><subfield code="a">Spain</subfield><subfield code="x">Description and travel</subfield></datafield><datafield tag="CID" ind1=" " ind2=" "><subfield code="a">000258941</subfield></datafield><datafield tag="DAT" ind1="0" ind2=" "><subfield code="b">20110412000000.0</subfield></datafield><datafield tag="DAT" ind1="1" ind2=" "><subfield code="a">20120815034431.0</subfield><subfield code="b">2021-01-02T18:38:08Z</subfield></datafield><datafield tag="CAT" ind1=" " ind2=" "><subfield code="a">SDR-NJP</subfield><subfield code="d">UNKNOWN</subfield><subfield code="l">loader.pl-001-001</subfield></datafield><datafield tag="FMT" ind1=" " ind2=" "><subfield code="a">BK</subfield></datafield><datafield tag="HOL" ind1=" " ind2=" "><subfield code="0">sdr-njp2809651</subfield><subfield code="a">njp</subfield><subfield code="b">SDR</subfield><subfield code="c">NJP</subfield><subfield code="p">njp.32101077883609</subfield><subfield code="s">NJP</subfield><subfield code="1">2809651</subfield></datafield><datafield tag="974" ind1=" " ind2=" "><subfield code="b">NJP</subfield><subfield code="c">NJP</subfield><subfield code="d">20210102</subfield><subfield code="s">google</subfield><subfield code="u">njp.32101077883609</subfield><subfield code="y">1705</subfield><subfield code="r">pd</subfield><subfield code="q">bib</subfield><subfield code="t">non-US bib date1 &lt; 1897</subfield></datafield></record>